%boundary conditions imposing for Hyperbolic system of equaiton.
@article{thompson1990time,
  title={Time-dependent boundary conditions for hyperbolic systems, II},
  author={Thompson, Kevin W},
  journal={Journal of Computational Physics},
  volume={89},
  number={2},
  pages={439--461},
  year={1990},
  publisher={Elsevier}
}
@book{godlewski2013numerical,
  title={Numerical approximation of hyperbolic systems of conservation laws},
  author={Godlewski, Edwige and Raviart, Pierre-Arnaud},
  volume={118},
  year={2013},
  publisher={Springer Science \& Business Media}
}
@article{kreiss1970initial,
  title={Initial boundary value problems for hyperbolic systems},
  author={Kreiss, Heinz-Otto},
  journal={Communications on Pure and Applied Mathematics},
  volume={23},
  number={3},
  pages={277--298},
  year={1970},
  publisher={Wiley Online Library}
}
@article{majda1975initial,
  title={Initial-boundary value problems for hyperbolic equations with uniformly characteristic boundary},
  author={Majda, Andrew and Osher, Stanley},
  journal={Communications on Pure and Applied Mathematics},
  volume={28},
  number={5},
  pages={607--675},
  year={1975},
  publisher={Wiley Online Library}
}
@article{ralston1971note,
  title={Note on a paper of Kreiss},
  author={Ralston, James V},
  journal={Communications on Pure and Applied Mathematics},
  volume={24},
  number={6},
  pages={759--762},
  year={1971},
  publisher={Wiley Online Library}
}
@article{benabdallah1987problemes,
  title={Probl{\`e}mes aux limites pour des syst{\`e}mes hyperboliques non lin{\'e}aires de deux {\'e}quations {\`a} une dimension d'espace},
  author={Benabdallah, Assia and Serre, Denis and LIONS, J-L},
  journal={Comptes rendus de l'Acad{\'e}mie des sciences. S{\'e}rie 1, Math{\'e}matique},
  volume={305},
  number={15},
  pages={677--680},
  year={1987},
  publisher={Elsevier}
}
@book{dubois1989boundary,
  title={Boundary conditions for nonlinear hyperbolic systems of conservation laws},
  author={Dubois, Fran{\c{c}}ois and Le Floch, Philippe},
  year={1989},
  publisher={Springer}
}
@techreport{oliger1976theoretical,
  title={Theoretical and Practical Aspects of Some Initial-Boundary Value Problems in Fluid Dynamics.},
  author={Oliger, Joseph and Sundstrom, Arne},
  year={1976},
  institution={DTIC Document}
}
%The paper that I started from to get a basic idea on IBCP.
@article{guaily2013boundary,
  title={Boundary conditions for hyperbolic systems of partial differentials equations},
  author={Guaily, Amr G and Epstein, Marcelo},
  journal={Journal of advanced research},
  volume={4},
  number={4},
  pages={321--329},
  year={2013},
  publisher={Elsevier}
}
%Books on CFD
@book{pletcher2012computational,
  title={Computational fluid mechanics and heat transfer},
  author={Pletcher, Richard H and Tannehill, John C and Anderson, Dale},
  year={2012},
  publisher={CRC Press}
}

%Very old paper on volcano plume---> useful as in review.
@inproceedings{morton1956turbulent,
  title={Turbulent gravitational convection from maintained and instantaneous sources},
  author={Morton, BR and Taylor, Geoffrey and Turner, JS},
  booktitle={Proceedings of the Royal Society of London A: Mathematical, Physical and Engineering Sciences},
  volume={234},
  pages={1--23},
  year={1956},
  organization={The Royal Society}
}

@book{bullard1962volcanoes,
  title={Volcanoes: in history, in theory, in eruption},
  author={Bullard, Fred Mason},
  year={1962},
  publisher={Wiley Online Library}
}
@article{settle1978volcanic,
  title={Volcanic eruption clouds and the thermal power output of explosive eruptions},
  author={Settle, Mark},
  journal={Journal of Volcanology and Geothermal Research},
  volume={3},
  number={3},
  pages={309--324},
  year={1978},
  publisher={Elsevier}
}
@article{wilson1978control,
  title={The control of volcanic column heights by eruption energetics and dynamics},
  author={Wilson, L and Sparks, RSJ and Huang, TC and Watkins, ND},
  journal={Journal of Geophysical Research: Solid Earth (1978--2012)},
  volume={83},
  number={B4},
  pages={1829--1836},
  year={1978},
  publisher={Wiley Online Library}
}
@article{woods1988fluid,
  title={The fluid dynamics and thermodynamics of eruption columns},
  author={Woods, AW},
  journal={Bulletin of Volcanology},
  volume={50},
  number={3},
  pages={169--193},
  year={1988},
  publisher={Springer}
}
@article{woods1995decompression,
  title={The decompression of volcanic jets in a crater during explosive volcanic eruptions},
  author={Woods, Andrew W and Bower, Sally M},
  journal={Earth and Planetary Science Letters},
  volume={131},
  number={3},
  pages={189--205},
  year={1995},
  publisher={Elsevier}
}
@book{sparks1997volcanic,
  title={Volcanic plumes},
  author={Sparks, Robert Stephen John and Bursik, MI and Carey, SN and Gilbert, Jennifer and Glaze, LS and Sigurdsson, H and Woods, AW},
  year={1997},
  publisher={Wiley}
}
@article{woods1993moist,
  title={Moist convection and the injection of volcanic ash into the atmosphere},
  author={Woods, Andrew W},
  journal={Journal of Geophysical Research: Solid Earth (1978--2012)},
  volume={98},
  number={B10},
  pages={17627--17636},
  year={1993},
  publisher={Wiley Online Library}
}
@article{koyaguchi1996formation,
  title={On the formation of eruption columns following explosive mixing of magma and surface-water},
  author={Koyaguchi, Takehiro and Woods, Andrew W},
  journal={Journal of Geophysical Research: Solid Earth (1978--2012)},
  volume={101},
  number={B3},
  pages={5561--5574},
  year={1996},
  publisher={Wiley Online Library}
}
@article{woods1991particle,
  title={Particle fallout, thermal disequilibrium and volcanic plumes},
  author={Woods, Andrew W and Bursik, Marcus I},
  journal={Bulletin of Volcanology},
  volume={53},
  number={7},
  pages={559--570},
  year={1991},
  publisher={Springer}
}

@article{valentine1989numerical,
  title={Numerical models of Plinian eruption columns and pyroclastic flows},
  author={Valentine, Greg A and Wohletz, Kenneth H},
  journal={J. Geophys. Res},
  volume={94},
  pages={1867--1887},
  year={1989}
}

%papers on Volcano plume simulation
@article{girault2014effect,
  title={The effect of total grain-size distribution on the dynamics of turbulent volcanic plumes},
  author={Girault, Fr{\'e}d{\'e}ric and Carazzo, Guillaume and Tait, Steve and Ferrucci, Fabrizio and Kaminski, {\'E}douard},
  journal={Earth and Planetary Science Letters},
  volume={394},
  pages={124--134},
  year={2014},
  publisher={Elsevier}
}

@article{vitturi2015plume,
  title={PLUME-MoM 1.0: A new integral model of volcanic plumes based on the method of moments},
  author={Vitturi, M de'Michieli and Neri, Augusto and Barsotti, Sara},
  journal={Geoscientific Model Development},
  volume={8},
  number={8},
  pages={2447},
  year={2015},
  publisher={Copernicus GmbH}
}

@article{pelantinumerical,
  title={Numerical Simulation of Volcanic Jets},
  author={Pelanti, Marica and LeVeque, Randall J}
}
@article{bursik2001effect,
  title={Effect of wind on the rise height of volcanic plumes},
  author={Bursik, M},
  journal={Geophys. Res. Lett},
  volume={28},
  number={18},
  pages={3621--3624},
  year={2001}
}
@article{mastin2007user,
  title={A user-friendly one-dimensional model for wet volcanic plumes},
  author={Mastin, Larry G},
  journal={Geochemistry, Geophysics, Geosystems},
  volume={8},
  number={3},
  year={2007},
  publisher={Wiley Online Library}
}
@book{lockwood2013volcanoes,
  title={Volcanoes: global perspectives},
  author={Lockwood, John P and Hazlett, Richard W},
  year={2013},
  publisher={John Wiley \& Sons}
}
@article{wohletz1984hydrodynamic,
  title={Hydrodynamic aspects of caldera-forming eruptions: Numerical models},
  author={Wohletz, KH and McGetchin, TR and Sandford, MT and Jones, EM},
  journal={Journal of Geophysical Research: Solid Earth (1978--2012)},
  volume={89},
  number={B10},
  pages={8269--8285},
  year={1984},
  publisher={Wiley Online Library}
}
@article{valentine1989numerical,
  title={Numerical models of Plinian eruption columns and pyroclastic flows},
  author={Valentine, Greg A and Wohletz, Kenneth H},
  journal={J. Geophys. Res},
  volume={94},
  pages={1867--1887},
  year={1989}
}
@article{dobran1993numerical,
  title={Numerical simulation of collapsing volcanic columns},
  author={Dobran, Flavio and Neri, Augusto and Macedonio, Giovanni},
  journal={Journal of Geophysical Research: Solid Earth (1978--2012)},
  volume={98},
  number={B3},
  pages={4231--4259},
  year={1993},
  publisher={Wiley Online Library}
}
@article{neri1994influence,
  title={Influence of eruption parameters on the thermofluid dynamics of collapsing volcanic columns},
  author={Neri, Augusto and Dobran, Flavio},
  journal={Journal of Geophysical Research: Solid Earth (1978--2012)},
  volume={99},
  number={B6},
  pages={11833--11857},
  year={1994},
  publisher={Wiley Online Library}
}
@article{neri1996numerical,
  title={Numerical simulation of collapsing volcanic columns with particles of two sizes},
  author={Neri, Augusto and Macedonio, Giovanni},
  journal={Journal of Geophysical Research: Solid Earth (1978--2012)},
  volume={101},
  number={B4},
  pages={8153--8174},
  year={1996},
  publisher={Wiley Online Library}
}

@article{clarke2002transient,
  title={Transient dynamics of vulcanian explosions and column collapse},
  author={Clarke, AB and Voight, B and Neri, A and Macedonio, G},
  journal={Nature},
  volume={415},
  number={6874},
  pages={897--901},
  year={2002},
  publisher={Nature Publishing Group}
}
@article{neri1998role,
  title={The role of magma composition and water content in explosive eruptions: 2. Pyroclastic dispersion dynamics},
  author={Neri, Augusto and Papale, Paolo and Macedonio, Giovanni},
  journal={Journal of volcanology and geothermal research},
  volume={87},
  number={1},
  pages={95--115},
  year={1998},
  publisher={Elsevier}
}
@article{neri2002mass,
  title={Mass partition during collapsing and transitional columns by using numerical simulations},
  author={Neri, Augusto and Di Muro, Andrea and Rosi, Mauro},
  journal={Journal of volcanology and geothermal research},
  volume={115},
  number={1},
  pages={1--18},
  year={2002},
  publisher={Elsevier}
}
@article{neri2003coupled,
  title={Coupled conduit and atmospheric dispersal dynamics of the AD 79 Plinian eruption of Vesuvius},
  author={Neri, Augusto and Papale, Paolo and Del Seppia, Dario and Santacroce, Roberto},
  journal={Journal of volcanology and geothermal research},
  volume={120},
  number={1},
  pages={141--160},
  year={2003},
  publisher={Elsevier}
}
@article{neri2003multiparticle,
  title={Multiparticle simulation of collapsing volcanic columns and pyroclastic flow},
  author={Neri, Augusto and Esposti Ongaro, Thmaso and Macedonio, Giovanni and Gidaspow, Dimitri},
  journal={Journal of Geophysical Research: Solid Earth (1978--2012)},
  volume={108},
  number={B4},
  year={2003},
  publisher={Wiley Online Library}
}
@article{degruyter2012improving,
  title={Improving on mass flow rate estimates of volcanic eruptions},
  author={Degruyter, Wim and Bonadonna, Costanza},
  journal={Geophysical Research Letters},
  volume={39},
  number={16},
  year={2012},
  publisher={Wiley Online Library}
}
@article{woodhouse2013interaction,
  title={Interaction between volcanic plumes and wind during the 2010 Eyjafjallaj{\"o}kull eruption, Iceland},
  author={Woodhouse, MJ and Hogg, AJ and Phillips, JC and Sparks, RSJ},
  journal={Journal of Geophysical Research: Solid Earth},
  volume={118},
  number={1},
  pages={92--109},
  year={2013},
  publisher={Wiley Online Library}
}
@article{devenish2013using,
  title={Using simple plume models to refine the source mass flux of volcanic eruptions according to atmospheric conditions},
  author={Devenish, BJ},
  journal={Journal of Volcanology and Geothermal Research},
  volume={256},
  pages={118--127},
  year={2013},
  publisher={Elsevier}
}
@article{de2015plume,
  title={PLUME-MoM 1.0: A new integral model of volcanic plumes based on the method of moments},
  author={de'Michieli Vitturi, M and Neri, Augusto and Barsotti, Sara},
  journal={Geoscientific Model Development},
  volume={8},
  number={8},
  pages={2447--2463},
  year={2015},
  publisher={Copernicus GmbH}
}
@article{folch2016fplume,
  title={FPLUME-1.0: An integral volcanic plume model accounting for ash aggregation},
  author={Folch, Arnau and Costa, Antonio and Macedonio, Giovannin},
  journal={Geoscientific Model Development},
  volume={9},
  number={1},
  pages={431},
  year={2016},
  publisher={Copernicus GmbH}
}
@article{pouget2016sensitivity,
  title={Sensitivity analysis of a one-dimensional model of a volcanic plume with particle fallout and collapse behavior},
  author={Pouget, S and Bursik, M and Singla, P and Singh, T},
  journal={Journal of Volcanology and Geothermal Research},
  year={2016},
  publisher={Elsevier}
}
%PADC
@article{neri20074d,
  title={4D simulation of explosive eruption dynamics at Vesuvius},
  author={Neri, Augusto and Esposti Ongaro, Thmaso and Menconi, Gianluca and De'Michieli Vitturi, Mattia and Cavazzoni, Carlo and Erbacci, Giovanni and Baxter, Peter J},
  journal={Geophysical research letters},
  volume={34},
  number={4},
  year={2007},
  publisher={Wiley Online Library}
}
@article{ongaro2007parallel,
  title={A parallel multiphase flow code for the 3D simulation of explosive volcanic eruptions},
  author={Esposti Ongaro, Thmaso and Cavazzoni, Carlo and Erbacci, Giovanni and Neri, Augusto and Salvetti, Maria-Vittoria},
  journal={Parallel Computing},
  volume={33},
  number={7},
  pages={541--560},
  year={2007},
  publisher={Elsevier}
}

@article{carcano2013semi,
  title={A semi-implicit, second-order-accurate numerical model for multiphase underexpanded volcanic jets},
  author={Carcano, S and Bonaventura, L and Esposti Ongaro, Thmaso and Neri, A},
  journal={Geoscientific Model Development},
  volume={6},
  number={6},
  pages={1905--1924},
  year={2013},
  publisher={Copernicus GmbH}
}
%I need add most recent paper on ATHAM, PADC, and Japanese Model.
%SK-3D

@article{suzuki2005numerical,
  title={A numerical study of turbulent mixing in eruption clouds using a three-dimensional fluid dynamics model},
  author={Suzuki, Yujiro J and Koyaguchi, Takehiro and Ogawa, Masaki and Hachisu, Izumi},
  journal={Journal of Geophysical Research: Solid Earth},
  volume={110},
  number={B8},
  year={2005},
  publisher={Wiley Online Library}
}

@book{fischer2013mixing,
  title={Mixing in inland and coastal waters},
  author={Fischer, Hugo B and List, John E and Koh, C Robert and Imberger, Jorg and Brooks, Norman H},
  year={2013},
  publisher={Elsevier}
}

@article{suzuki2010numerical,
  title={Numerical determination of the efficiency of entrainment in volcanic eruption columns},
  author={Suzuki, YJ and Koyaguchi, T},
  journal={Geophysical Research Letters},
  volume={37},
  number={5},
  year={2010},
  publisher={Wiley Online Library}
}
@article{suzuki20133d,
  title={3D numerical simulation of volcanic eruption clouds during the 2011 Shinmoe-dake eruptions},
  author={Suzuki, Yujiro J and Koyaguchi, Takehiro},
  journal={Earth, Planets and Space},
  volume={65},
  number={6},
  pages={581--589},
  year={2013},
  publisher={Springer}
}
@article{suzuki2009three,
  title={A three-dimensional numerical simulation of spreading umbrella clouds},
  author={Suzuki, YJ and Koyaguchi, T},
  journal={Journal of Geophysical Research: Solid Earth (1978--2012)},
  volume={114},
  number={B3},
  year={2009},
  publisher={Wiley Online Library}
}
@article{koyaguchi2010effects,
  title={Effects of the crater on eruption column dynamics},
  author={Koyaguchi, Takehiro and Suzuki, Yujiro J and Kozono, Tomofumi},
  journal={Journal of Geophysical Research: Solid Earth (1978--2012)},
  volume={115},
  number={B7},
  year={2010},
  publisher={Wiley Online Library}
}
@article{koyaguchi2009effect,
  title={The effect of intensity of turbulence in umbrella cloud on tephra dispersion during explosive volcanic eruptions: Experimental and numerical approaches},
  author={Koyaguchi, Takehiro and Ochiai, Kiyokatsu and Suzuki, Yujiro J},
  journal={Journal of Volcanology and Geothermal Research},
  volume={186},
  number={1},
  pages={68--78},
  year={2009},
  publisher={Elsevier}
}
@article{suzuki20123,
  title={3-D numerical simulations of eruption column collapse: Effects of vent size on pressure-balanced jet/plumes},
  author={Suzuki, Yujiro J and Koyaguchi, Takehiro},
  journal={Journal of Volcanology and Geothermal Research},
  volume={221},
  pages={1--13},
  year={2012},
  publisher={Elsevier}
}

%ATHAM
@article{oberhuber1998volcanic,
  title={Volcanic plume simulation on large scales},
  author={Oberhuber, Josef M and Herzog, Michael and Graf, Hans-F and Schwanke, Karsten},
  journal={Journal of Volcanology and Geothermal Research},
  volume={87},
  number={1},
  pages={29--53},
  year={1998},
  publisher={Elsevier}
}
@article{herzog1998effect,
  title={The effect of phase changes of water on the development of volcanic plumes},
  author={Herzog, Michael and Graf, Hans-F and Textor, Christiane and Oberhuber, Josef M},
  journal={Journal of Volcanology and Geothermal Research},
  volume={87},
  number={1},
  pages={55--74},
  year={1998},
  publisher={Elsevier}
}
@article{langmann1997radiative,
  title={Radiative forcing of sulfate aerosols as determined by a regional circulation-chemistry transport model},
  author={Langmann, B{\"a}rbel and Herzog, Michael and Graf, Hans-F},
  journal={Journal of Aerosol Science},
  volume={28},
  pages={S389--S390},
  year={1997},
  publisher={Pergamon}
}
@article{trentmann2002simulation,
  title={Simulation of a biomass-burning plume: Comparison of model results with observations},
  author={Trentmann, J and Andreae, MO and Graf, H-F and Hobbs, PV and Ottmar, RD and Trautmann, T},
  journal={Journal of Geophysical Research: Atmospheres (1984--2012)},
  volume={107},
  number={D2},
  pages={AAC--5},
  year={2002},
  publisher={Wiley Online Library}
}
@article{textor2003injection,
  title={Injection of gases into the stratosphere by explosive volcanic eruptions},
  author={Textor, Christiane and Graf, Hans-F and Herzog, Michael and Oberhuber, JM},
  journal={Journal of Geophysical Research: Atmospheres (1984--2012)},
  volume={108},
  number={D19},
  year={2003},
  publisher={Wiley Online Library}
}
@article{herzog2003prognostic,
  title={A prognostic turbulence scheme for the nonhydrostatic plume model ATHAM},
  author={Herzog, Michael and Oberhuber, Josef M and Graf, Hans-F},
  journal={Journal of the Atmospheric Sciences},
  volume={60},
  number={22},
  pages={2783--2796},
  year={2003}
}

@article{textor2006volcanic1,
  title={Volcanic particle aggregation in explosive eruption columns. Part I: Parameterization of the microphysics of hydrometeors and ash},
  author={Textor, Christiane and Graf, Hans-F and Herzog, Michael and Oberhuber, Josef M and Rose, William I and Ernst, Gerald GJ},
  journal={Journal of Volcanology and Geothermal Research},
  volume={150},
  number={4},
  pages={359--377},
  year={2006},
  publisher={Elsevier}
}
@article{textor2006volcanic2,
  title={Volcanic particle aggregation in explosive eruption columns. Part II: Numerical experiments},
  author={Textor, C and Graf, Hans-F and Herzog, Michael and Oberhuber, Josef M and Rose, William I and Ernst, GGJ},
  journal={Journal of Volcanology and Geothermal Research},
  volume={150},
  number={4},
  pages={378--394},
  year={2006},
  publisher={Elsevier}
}
@book{kobs2009modeling,
  title={Modeling particle motion and near-vent deposition in explosive volcanic eruptions},
  author={Kobs, Shannon},
  year={2009},
  publisher={State University of New York at Buffalo}
}
@article{herzog2010applying,
  title={Applying the three-dimensional model ATHAM to volcanic plumes: Dynamic of large co-ignimbrite eruptions and associated injection heights for volcanic gases},
  author={Herzog, Michael and Graf, Hans-F},
  journal={Geophysical Research Letters},
  volume={37},
  number={19},
  year={2010},
  publisher={Wiley Online Library}
}
@article{bursik2009volcanic,
  title={Volcanic plumes and wind: Jetstream interaction examples and implications for air traffic},
  author={Bursik, MI and Kobs, SE and Burns, A and Braitseva, OA and Bazanova, LI and Melekestsev, IV and Kurbatov, A and Pieri, DC},
  journal={Journal of Volcanology and Geothermal Research},
  volume={186},
  number={1},
  pages={60--67},
  year={2009},
  publisher={Elsevier}
}
@article{van2015hail,
  title={Hail formation triggers rapid ash aggregation in volcanic plumes},
  author={Van Eaton, Alexa R and Mastin, Larry G and Herzog, Michael and Schwaiger, Hans F and Schneider, David J and Wallace, Kristi L and Clarke, Amanda B},
  journal={Nature communications},
  volume={6},
  year={2015},
  publisher={Nature Publishing Group}
}

%ASHEE
@article{cerminara2016ashee,
  title={ASHEE-1.0: a compressible, equilibrium-Eulerian model for volcanic ash plumes},
  author={Cerminara, M and Esposti Ongaro, Thmaso and Berselli, LC},
  journal={Geoscientific Model Development},
  volume={9},
  number={2},
  pages={697--730},
  year={2016},
  publisher={Copernicus GmbH}
}

%review type papers on Volcano including inter-comparison
@article{bonadonna2012future,
  title={Future developments in modelling and monitoring of volcanic ash clouds: outcomes from the first IAVCEI-WMO workshop on Ash Dispersal Forecast and Civil Aviation},
  author={Bonadonna, Costanza and Folch, Arnau and Loughlin, Susan and Puempel, Herbert},
  journal={Bulletin of volcanology},
  volume={74},
  number={1},
  pages={1--10},
  year={2012},
  publisher={Springer}
}

@article{costa2016results,
  title={Results of the eruptive column model inter-comparison study},
  author={Costa, A and Suzuki, YJ and Cerminara, M and Devenish, BJ and Esposti Ongaro, Thmaso and Herzog, M and Van Eaton, AR and Denby, LC and Bursik, M and de' Michieli Vitturi, Mattia and others},
  journal={Journal of Volcanology and Geothermal Research},
  year={2016},
  publisher={Elsevier}
}

@article{peterson2008forecasting,
  title={Forecasting exposure to volcanic ash based on ash dispersion modeling},
  author={Peterson, Rorik A and Dean, Ken G},
  journal={Journal of Volcanology and Geothermal Research},
  volume={170},
  number={3},
  pages={230--246},
  year={2008},
  publisher={Elsevier}
}

%Volcano umbrella 
@article{costa2013density,
  title={Density-driven transport in the umbrella region of volcanic clouds: Implications for tephra dispersion models},
  author={Costa, Antonio and Folch, Arnau and Macedonio, Giovanni},
  journal={Geophysical Research Letters},
  volume={40},
  number={18},
  pages={4823--4827},
  year={2013},
  publisher={Wiley Online Library}
}

@article{cerminara2016large,
  title={Large Eddy Simulation of gas--particle kinematic decoupling and turbulent entrainment in volcanic plumes},
  author={Cerminara, Matteo and Esposti Ongaro, Thmaso and Neri, Augusto},
  journal={Journal of Volcanology and Geothermal Research},
  year={2016},
  publisher={Elsevier}
}

%exmperimental or observation type of paper on volcano plume
@article{chojnicki2014flow,
  title={The flow structure of jets from transient sources and implications for modeling short-duration explosive volcanic eruptions},
  author={Chojnicki, KN and Clarke, AB and Adrian, RJ and Phillips, JC},
  journal={Geochemistry, Geophysics, Geosystems},
  volume={15},
  number={12},
  pages={4831--4845},
  year={2014},
  publisher={Wiley Online Library}
}

@article{sigurdsson19841982,
  title={The 1982 eruptions of El Chich{\'o}n volcano, Mexico: stratigraphy of pyroclastic deposits},
  author={Sigurdsson, H and Carey, SN and Espindola, JM},
  journal={Journal of Volcanology and Geothermal Research},
  volume={23},
  number={1},
  pages={11--37},
  year={1984},
  publisher={Elsevier}
}

@article{carey1982influence,
  title={Influence of particle aggregation on deposition of distal tephra from the May 18, 1980, eruption of Mount St. Helens volcano},
  author={Carey, Steven N and Sigurdsson, Haraldur},
  journal={Journal of Geophysical Research: Solid Earth},
  volume={87},
  number={B8},
  pages={7061--7072},
  year={1982},
  publisher={Wiley Online Library}
}

@article{taddeucci2011aggregation,
  title={Aggregation-dominated ash settling from the Eyjafjallaj{\"o}kull volcanic cloud illuminated by field and laboratory high-speed imaging},
  author={Taddeucci, J and Scarlato, P and Montanaro, C and Cimarelli, C and Del Bello, E and Freda, C and Andronico, D and Gudmundsson, MT and Dingwell, DB},
  journal={Geology},
  volume={39},
  number={9},
  pages={891--894},
  year={2011},
  publisher={Geological Society of America}
}

@article{ernst1996sedimentation,
  title={Sedimentation from turbulent jets and plumes},
  author={Ernst, Gerald GJ and Sparks, R Stephen J and Carey, Steven N and Bursik, Marcus I},
  journal={Journal of Geophysical Research: Solid Earth},
  volume={101},
  number={B3},
  pages={5575--5589},
  year={1996},
  publisher={Wiley Online Library}
}

%1D plume softwares
@misc { 114,
	title = {puffin},
	month = {Jan},
	url = {https://vhub.org/resources/114},
	year = {2013},
	author = {Bursik , Marcus I and Carbonara , Alejandro Uriel and Zawicki , Sean Michael}
}
@misc { 267,
	title = {bent: A model of plumes in crossflow},
	month = {Nov},
	url = {https://vhub.org/resources/267},
	year = {2010},
	author = {Bursik , Marcus I}
}
@misc { 1194,
	title = {Plumeria 2.3.1},
	month = {Dec},
	url = {https://vhub.org/resources/1194},
	year = {2011},
	author = {Mastin , Larry G}
}
@misc { 3541,
	title = {PlumeMoM},
	month = {Mar},
	url = {https://vhub.org/resources/3541},
	year = {2015},
	author = {de' Michieli Vitturi, Mattia}
}

%@misc{draxler2015hysplit,
%  title={HYSPLIT (HYbrid Single-Particle Lagrangian Integrated Trajectory) Model access via NOAA ARL READY Website. NOAA Air Resources Laboratory, Silver Spring},
%  url={http://www.arl.noaa.gov/HYSPLIT_info.php},
%  author={Draxler, R.R. and Rolph, G.D.},
%  year={2015},
%  publisher={MD}
%}

@article{vacondio2016variable,
  title={Variable resolution for SPH in three dimensions: Towards optimal splitting and coalescing for dynamic adaptivity},
  author={Vacondio, R and Rogers, BD and Stansby, PK and Mignosa, P},
  journal={Computer Methods in Applied Mechanics and Engineering},
  volume={300},
  pages={442--460},
  year={2016},
  publisher={Elsevier}
}

@article{lopez2013dynamic,
  title={Dynamic particle refinement in SPH: application to free surface flow and non-cohesive soil simulations},
  author={L{\'o}pez, Yaidel Reyes and Roose, Dirk and Morfa, Carlos Recarey},
  journal={Computational Mechanics},
  volume={51},
  number={5},
  pages={731--741},
  year={2013},
  publisher={Springer}
}

@misc{rolph2015ready,
  title={Real-time Environmental Applications and Display sYstem (READY) Website (http://ready.arl.noaa.gov). NOAA Air Resources Laboratory, Silver Spring,},
  author={Rolph, G.D.},
  year={2015},
  publisher={MD}
}

@article{stein2015noaa,
  title={NOAA’s HYSPLIT atmospheric transport and dispersion modeling system},
  author={Stein, AF and Draxler, RR and Rolph, GD and Stunder, BJB and Cohen, MD and Ngan, F},
  journal={Bulletin of the American Meteorological Society},
  volume={96},
  number={12},
  pages={2059--2077},
  year={2015}
}

%SPH
@article{gingold1977smoothed,
  title={Smoothed particle hydrodynamics: theory and application to non-spherical stars},
  author={Gingold, Robert A and Monaghan, Joseph J},
  journal={Monthly notices of the royal astronomical society},
  volume={181},
  number={3},
  pages={375--389},
  year={1977},
  publisher={Oxford University Press}
}
@article{lucy1977numerical,
  title={A numerical approach to the testing of the fission hypothesis},
  author={Lucy, Leon B},
  journal={The astronomical journal},
  volume={82},
  pages={1013--1024},
  year={1977}
}

@article{gingold1978binary,
  title={Binary fission in damped rotating polytropes},
  author={Gingold, Robert A and Monaghan, Joseph J},
  journal={Monthly Notices of the Royal Astronomical Society},
  volume={184},
  number={3},
  pages={481--499},
  year={1978},
  publisher={The Royal Astronomical Society}
}

@article{monaghan1983shock,
  title={Shock simulation by the particle method SPH},
  author={Monaghan, JJ and Gingold, RA},
  journal={Journal of computational physics},
  volume={52},
  number={2},
  pages={374--389},
  year={1983},
  publisher={Elsevier}
}

@article{swegle1995smoothed,
  title={Smoothed particle hydrodynamics stability analysis},
  author={Swegle, JW and Hicks, DL and Attaway, SW},
  journal={Journal of computational physics},
  volume={116},
  number={1},
  pages={123--134},
  year={1995},
  publisher={Elsevier}
}

@article{blanc2012stabilized,
  title={A stabilized Runge--Kutta, Taylor smoothed particle hydrodynamics algorithm for large deformation problems in dynamics},
  author={Blanc, Thomas and Pastor, Manuel},
  journal={International Journal for Numerical Methods in Engineering},
  volume={91},
  number={13},
  pages={1427--1458},
  year={2012},
  publisher={Wiley Online Library}
}

@article{ritchie2001multiphase,
  title={Multiphase smoothed-particle hydrodynamics},
  author={Ritchie, Benedict W and Thomas, Peter A},
  journal={Monthly Notices of the Royal Astronomical Society},
  volume={323},
  number={3},
  pages={743--756},
  year={2001},
  publisher={Blackwell Science Ltd Oxford, UK}
}

@article{chen2015sph,
  title={An SPH model for multiphase flows with complex interfaces and large density differences},
  author={Chen, Z and Zong, Z and Liu, MB and Zou, L and Li, HT and Shu, C},
  journal={Journal of Computational Physics},
  volume={283},
  pages={169--188},
  year={2015},
  publisher={Elsevier}
}

@article{adami2010new,
  title={A new surface-tension formulation for multi-phase SPH using a reproducing divergence approximation},
  author={Adami, S and Hu, XY and Adams, NA},
  journal={Journal of Computational Physics},
  volume={229},
  number={13},
  pages={5011--5021},
  year={2010},
  publisher={Elsevier}
}

@article{hu2007incompressible,
  title={An incompressible multi-phase SPH method},
  author={Hu, XY and Adams, Nikolaus A},
  journal={Journal of computational physics},
  volume={227},
  number={1},
  pages={264--278},
  year={2007},
  publisher={Elsevier}
}

@article{colagrossi2003numerical,
  title={Numerical simulation of interfacial flows by smoothed particle hydrodynamics},
  author={Colagrossi, Andrea and Landrini, Maurizio},
  journal={Journal of computational physics},
  volume={191},
  number={2},
  pages={448--475},
  year={2003},
  publisher={Elsevier}
}

@article{grenier2009hamiltonian,
  title={An Hamiltonian interface SPH formulation for multi-fluid and free surface flows},
  author={Grenier, Nicolas and Antuono, Matteo and Colagrossi, Andrea and Le Touz{\'e}, David and Alessandrini, B},
  journal={Journal of Computational Physics},
  volume={228},
  number={22},
  pages={8380--8393},
  year={2009},
  publisher={Elsevier}
}

@article{monaghan2013simple,
  title={A simple SPH algorithm for multi-fluid flow with high density ratios},
  author={Monaghan, JJ and Rafiee, Ashkan},
  journal={International Journal for Numerical Methods in Fluids},
  volume={71},
  number={5},
  pages={537--561},
  year={2013},
  publisher={Wiley Online Library}
}

@article{cha2010kelvin,
  title={Kelvin--Helmholtz instabilities with Godunov smoothed particle hydrodynamics},
  author={Cha, Seung-Hoon and Inutsuka, Shu-Ichiro and Nayakshin, Sergei},
  journal={Monthly Notices of the Royal Astronomical Society},
  volume={403},
  number={3},
  pages={1165--1174},
  year={2010},
  publisher={The Royal Astronomical Society}
}

@article{zhuimproved,
  title={An improved SPH model for multiphase flows with large density ratios},
  author={Zhu, GX and Zou, L and Chen, Z and Wang, AM and Liu, MB},
  journal={International Journal for Numerical Methods in Fluids},
  publisher={Wiley Online Library}
}

@article{behjati2017modelling,
  title={Modelling of immiscible liquid-liquid systems by Smoothed Particle Hydrodynamics},
  author={Behjati, H Elekaei and Kashani, M Navvab and Biggs, MJ},
  journal={Journal of Colloid and Interface Science},
  year={2017},
  publisher={Elsevier}
}

@article{agertz2007fundamental,
  title={Fundamental differences between SPH and grid methods},
  author={Agertz, Oscar and Moore, Ben and Stadel, Joachim and Potter, Doug and Miniati, Francesco and Read, Justin and Mayer, Lucio and Gawryszczak, Artur and Kravtsov, Andrey and Nordlund, {\AA}ke and others},
  journal={Monthly Notices of the Royal Astronomical Society},
  volume={380},
  number={3},
  pages={963--978},
  year={2007},
  publisher={Blackwell Publishing Ltd Oxford, UK}
}

@article{price2008modelling,
  title={Modelling discontinuities and Kelvin--Helmholtz instabilities in SPH},
  author={Price, Daniel J},
  journal={Journal of Computational Physics},
  volume={227},
  number={24},
  pages={10040--10057},
  year={2008},
  publisher={Elsevier}
}

@article{lind2016high,
  title={High-order Eulerian incompressible smoothed particle hydrodynamics with transition to Lagrangian free-surface motion},
  author={Lind, SJ and Stansby, PK},
  journal={Journal of Computational Physics},
  volume={326},
  pages={290--311},
  year={2016},
  publisher={Elsevier}
}

@article{bonet1999variational,
  title={Variational and momentum preservation aspects of smooth particle hydrodynamic formulations},
  author={Bonet, J and Lok, T-SL},
  journal={Computer Methods in applied mechanics and engineering},
  volume={180},
  number={1-2},
  pages={97--115},
  year={1999},
  publisher={Elsevier}
}

@inproceedings{leonardi2014explicit,
  title={Explicit strategies for consistent kernel approximations},
  author={Leonardi, M and Rung, T},
  booktitle={9th Int. SPHERIC Workshop, Paris (France)},
  year={2014}
}

@article{dilts1999moving,
  title={Moving-least-squares-particle hydrodynamics—I. Consistency and stability},
  author={Dilts, Gary A},
  journal={International Journal for Numerical Methods in Engineering},
  volume={44},
  number={8},
  pages={1115--1155},
  year={1999},
  publisher={Wiley Online Library}
}

@article{wadsley2008treatment,
  title={On the treatment of entropy mixing in numerical cosmology},
  author={Wadsley, JW and Veeravalli, G and Couchman, HMP},
  journal={Monthly Notices of the Royal Astronomical Society},
  volume={387},
  number={1},
  pages={427--438},
  year={2008},
  publisher={Blackwell Publishing Ltd Oxford, UK}
}

@article{read2010resolving,
  title={Resolving mixing in smoothed particle hydrodynamics},
  author={Read, JI and Hayfield, T and Agertz, O},
  journal={Monthly Notices of the Royal Astronomical Society},
  volume={405},
  number={3},
  pages={1513--1530},
  year={2010},
  publisher={Blackwell Publishing Ltd Oxford, UK}
}

@article{evrard1988beyond,
  title={Beyond N-body: 3D cosmological gas dynamics},
  author={Evrard, August E},
  journal={Monthly Notices of the Royal Astronomical Society},
  volume={235},
  number={3},
  pages={911--934},
  year={1988},
  publisher={The Royal Astronomical Society}
}
@article{hernquist1989treesph,
  title={TREESPH-A unification of SPH with the hierarchical tree method},
  author={Hernquist, Lars and Katz, Neal},
  journal={The Astrophysical Journal Supplement Series},
  volume={70},
  pages={419--446},
  year={1989}
}

@article{hernquist1993some,
  title={Some cautionary remarks about smoothed particle hydrodynamics},
  author={Hernquist, Lars},
  journal={The Astrophysical Journal},
  volume={404},
  pages={717--722},
  year={1993}
}

@article{monaghan1989problem,
  title={On the problem of penetration in particle methods},
  author={Monaghan, JJ},
  journal={Journal of Computational Physics},
  volume={82},
  number={1},
  pages={1--15},
  year={1989},
  publisher={Elsevier}
}
@article{hernquist1989treesph,
  title={TREESPH-A unification of SPH with the hierarchical tree method},
  author={Hernquist, Lars and Katz, Neal},
  journal={The Astrophysical Journal Supplement Series},
  volume={70},
  pages={419--446},
  year={1989}
}
@article{monaghan1992smoothed,
  title={Smoothed particle hydrodynamics},
  author={Monaghan, Joe J},
  journal={Annual review of astronomy and astrophysics},
  volume={30},
  pages={543--574},
  year={1992}
}
@article{steinmetz1993capabilities,
  title={On the capabilities and limits of smoothed particle hydrodynamics},
  author={Steinmetz, Matthias and M{\"u}ller, Ewald},
  journal={Astronomy and Astrophysics},
  volume={268},
  pages={391--410},
  year={1993}
}
@article{nelson1994variable,
  title={Variable smoothing lengths and energy conservation in smoothed particle hydrodynamics},
  author={Nelson, Richard P and Papaloizou, John CB},
  journal={Monthly Notices of the Royal Astronomical Society},
  volume={270},
  number={1},
  pages={1--20},
  year={1994},
  publisher={Oxford University Press Oxford, UK}
}
@article{monaghan1997sph,
  title={SPH and Riemann solvers},
  author={Monaghan, JJ},
  journal={Journal of Computational Physics},
  volume={136},
  number={2},
  pages={298--307},
  year={1997},
  publisher={Elsevier}
}

@article{cleary1999conduction,
  title={Conduction modelling using smoothed particle hydrodynamics},
  author={Cleary, Paul W and Monaghan, Joseph J},
  journal={Journal of Computational Physics},
  volume={148},
  number={1},
  pages={227--264},
  year={1999},
  publisher={Elsevier}
}
@article{monaghan2005smoothed,
  title={Smoothed particle hydrodynamics},
  author={Monaghan, JJ},
  journal={Reports on progress in physics},
  volume={68},
  number={8},
  pages={1703},
  year={2005},
  publisher={IOP Publishing}
}
@article{sigalotti2006shock,
  title={A shock-capturing SPH scheme based on adaptive kernel estimation},
  author={Sigalotti, Leonardo Di G and L{\'o}pez, Hender and Donoso, Arnaldo and Sira, Eloy and Klapp, Jaime},
  journal={Journal of Computational Physics},
  volume={212},
  number={1},
  pages={124--149},
  year={2006},
  publisher={Elsevier}
}
@article{rosswog2009astrophysical,
  title={Astrophysical smooth particle hydrodynamics},
  author={Rosswog, Stephan},
  journal={New Astronomy Reviews},
  volume={53},
  number={4},
  pages={78--104},
  year={2009},
  publisher={Elsevier}
}
@article{ellero2012smoothed,
  title={Smoothed Particle Hydrodynamics},
  author={Ellero, M},
  journal={Fluid-Structure Interactions in Soft-Matter Systems: From the Mesoscale to the Macroscale},
  pages={22},
  year={2012}
}
@article{monaghan2012smoothed,
  title={Smoothed particle hydrodynamics and its diverse applications},
  author={Monaghan, JJ},
  journal={Annual Review of Fluid Mechanics},
  volume={44},
  pages={323--346},
  year={2012},
  publisher={Annual Reviews}
}
@article{saitoh2013density,
  title={A density-independent formulation of smoothed particle hydrodynamics},
  author={Saitoh, Takayuki R and Makino, Junichiro},
  journal={The Astrophysical Journal},
  volume={768},
  number={1},
  pages={44},
  year={2013},
  publisher={IOP Publishing}
}
@techreport{takayuki2012density,
  title={A Density Independent Formulation of Smoothed Particle Hydrodynamics},
  author={Takayuki, Saitoh R and Makino, Junichiro},
  year={2012}
}
@article{price2012smoothed,
  title={Smoothed particle hydrodynamics and magnetohydrodynamics},
  author={Price, Daniel J},
  journal={Journal of Computational Physics},
  volume={231},
  number={3},
  pages={759--794},
  year={2012},
  publisher={Elsevier}
}
@article{monaghan1985extrapolating,
  title={Extrapolating B splines for interpolation},
  author={Monaghan, JJ},
  journal={Journal of Computational Physics},
  volume={60},
  number={2},
  pages={253--262},
  year={1985},
  publisher={Elsevier}
}
@article{monaghan1995sph,
  title={SPH simulation of multi-phase flow},
  author={Monaghan, JJ and Kocharyan, A},
  journal={Computer Physics Communications},
  volume={87},
  number={1},
  pages={225--235},
  year={1995},
  publisher={Elsevier}
}
@article{morris1997modeling,
  title={Modeling low Reynolds number incompressible flows using SPH},
  author={Morris, Joseph P and Fox, Patrick J and Zhu, Yi},
  journal={Journal of computational physics},
  volume={136},
  number={1},
  pages={214--226},
  year={1997},
  publisher={Elsevier}
}

@article{chen1999improvement,
  title={An improvement for tensile instability in smoothed particle hydrodynamics},
  author={Chen, JK and Beraun, JE and Jih, CJ},
  journal={Computational Mechanics},
  volume={23},
  number={4},
  pages={279--287},
  year={1999},
  publisher={Springer}
}
@article{adami2012generalized,
  title={A generalized wall boundary condition for smoothed particle hydrodynamics},
  author={Adami, S and Hu, XY and Adams, NA},
  journal={Journal of Computational Physics},
  volume={231},
  number={21},
  pages={7057--7075},
  year={2012},
  publisher={Elsevier}
}
@article{kumar2013parallel,
  title={Parallel Godunov smoothed particle hydrodynamics (SPH) with improved treatment of Boundary Conditions and an application to granular flows},
  author={Kumar, Dinesh and Patra, Abani K and Pitman, E Bruce and Chi, H},
  journal={Computer Physics Communications},
  volume={184},
  number={10},
  pages={2277--2286},
  year={2013},
  publisher={Elsevier}
}
@article{monaghan2009sph,
  title={SPH particle boundary forces for arbitrary boundaries},
  author={Monaghan, Joe J and Kajtar, Jules B},
  journal={Computer Physics Communications},
  volume={180},
  number={10},
  pages={1811--1820},
  year={2009},
  publisher={Elsevier}
}
@article{yildiz2009sph,
  title={SPH with the multiple boundary tangent method},
  author={Yildiz, M and Rook, RA and Suleman, A},
  journal={International journal for numerical methods in engineering},
  volume={77},
  number={10},
  pages={1416--1438},
  year={2009},
  publisher={Wiley Online Library}
}
@inproceedings{ihmsen2011parallel,
  title={A Parallel SPH Implementation on Multi-Core CPUs},
  author={Ihmsen, Markus and Akinci, Nadir and Becker, Markus and Teschner, Matthias},
  booktitle={Computer Graphics Forum},
  volume={30},
  number={1},
  pages={99--112},
  year={2011},
  organization={Wiley Online Library}
}
@article{cherfils2012josephine,
  title={JOSEPHINE: A parallel SPH code for free-surface flows},
  author={Cherfils, JM and Pinon, G and Rivoalen, Elie},
  journal={Computer Physics Communications},
  volume={183},
  number={7},
  pages={1468--1480},
  year={2012},
  publisher={Elsevier}
}
@article{herault2010sphgpu,
  title={SPH on GPU with CUDA},
  author={H{\'e}rault, Alexis and Bilotta, Giuseppe and Dalrymple, Robert A},
  journal={Journal of Hydraulic Research},
  volume={48},
  number={S1},
  pages={74--79},
  year={2010},
  publisher={Taylor \& Francis}
}
@article{crespo2011gpus,
  title={GPUs, a new tool of acceleration in CFD: efficiency and reliability on smoothed particle hydrodynamics methods},
  author={Crespo, AJC and Dominguez, Jose M and Barreiro, Anxo and G{\'o}mez-Gesteira, Moncho and Rogers, Benedict D},
  journal={PLoS One},
  volume={6},
  number={6},
  pages={e20685},
  year={2011},
  publisher={Public Library of Science}
}
@article{dominguez2013optimization,
  title={Optimization strategies for CPU and GPU implementations of a smoothed particle hydrodynamics method},
  author={Dom{\'\i}nguez, Jose M and Crespo, Alejandro JC and G{\'o}mez-Gesteira, Moncho},
  journal={Computer Physics Communications},
  volume={184},
  number={3},
  pages={617--627},
  year={2013},
  publisher={Elsevier}
}

@article{ji2016large,
  title={Large scale water entry simulation with smoothed particle hydrodynamics on single-and multi-GPU systems},
  author={Ji, Zhe and Xu, Fei and Takahashi, Akiyuki and Sun, Yu},
  journal={Computer Physics Communications},
  volume={209},
  pages={1--12},
  year={2016},
  publisher={Elsevier}
}

@article{oger2016distributed,
  title={On distributed memory MPI-based parallelization of SPH codes in massive HPC context},
  author={Oger, Guillaume and Le Touz{\'e}, David and Guibert, David and De Leffe, Matthieu and Biddiscombe, John and Soumagne, J{\'e}rome and Piccinali, J-G},
  journal={Computer Physics Communications},
  volume={200},
  pages={1--14},
  year={2016},
  publisher={Elsevier}
} 

@article{dominguez2013new,
  title={New multi-GPU implementation for smoothed particle hydrodynamics on heterogeneous clusters},
  author={Dom{\'\i}nguez, Jos{\'e} M and Crespo, Alejandro JC and Valdez-Balderas, Daniel and Rogers, Benedict D and G{\'o}mez-Gesteira, Moncho},
  journal={Computer Physics Communications},
  volume={184},
  number={8},
  pages={1848--1860},
  year={2013},
  publisher={Elsevier}
}

@article{rustico2014advances,
  title={Advances in multi-GPU smoothed particle hydrodynamics simulations},
  author={Rustico, Eugenio and Bilotta, Giuseppe and Herault, Alexis and Del Negro, Ciro and Gallo, Giovanni},
  journal={IEEE Transactions on Parallel and Distributed Systems},
  volume={25},
  number={1},
  pages={43--52},
  year={2014},
  publisher={IEEE}
}

@article{loren2014two,
  title={Two-fluid dust and gas mixtures in smoothed particle hydrodynamics: a semi-implicit approach},
  author={Lor{\'e}n-Aguilar, Pablo and Bate, Matthew R},
  journal={Monthly Notices of the Royal Astronomical Society},
  volume={443},
  number={1},
  pages={927--945},
  year={2014},
  publisher={Oxford University Press}
}
@article{rook2007modeling,
  title={Modeling transient heat transfer using SPH and implicit time integration},
  author={Rook, Rusty and Yildiz, Mehmet and Dost, Sadik},
  journal={Numerical Heat Transfer, Part B: Fundamentals},
  volume={51},
  number={1},
  pages={1--23},
  year={2007},
  publisher={Taylor \& Francis}
}

@article{vacondio2012accurate,
  title={Accurate particle splitting for smoothed particle hydrodynamics in shallow water with shock capturing},
  author={Vacondio, R and Rogers, BD and Stansby, PK},
  journal={International Journal for Numerical Methods in Fluids},
  volume={69},
  number={8},
  pages={1377--1410},
  year={2012},
  publisher={Wiley Online Library}
}
@article{feldman2007dynamic,
  title={Dynamic refinement and boundary contact forces in SPH with applications in fluid flow problems},
  author={Feldman, J and Bonet, J},
  journal={International Journal for Numerical Methods in Engineering},
  volume={72},
  number={3},
  pages={295--324},
  year={2007},
  publisher={Wiley Online Library}
}
@article{lastiwka2009permeable,
  title={Permeable and non-reflecting boundary conditions in SPH},
  author={Lastiwka, Martin and Basa, Mihai and Quinlan, Nathan J},
  year={2009},
  publisher={Wiley}
}
@article{colagrossi2005meshless,
  title={A meshless Lagrangian method for free-surface and interface flows with fragmentation},
  author={Colagrossi, Andrea},
  year={2005},
  publisher={La Sapienza}
}
@article{molteni2009simple,
  title={A simple procedure to improve the pressure evaluation in hydrodynamic context using the SPH},
  author={Molteni, Diego and Colagrossi, Andrea},
  journal={Computer Physics Communications},
  volume={180},
  number={6},
  pages={861--872},
  year={2009},
  publisher={Elsevier}
}
@article{kondo2011improvement,
  title={Improvement of stability in moving particle semi-implicit method},
  author={Kondo, Masahiro and Koshizuka, Seiichi},
  journal={International Journal for Numerical Methods in Fluids},
  volume={65},
  number={6},
  pages={638--654},
  year={2011},
  publisher={Wiley Online Library}
}
@article{macia2011theoretical,
  title={Theoretical analysis of the no-slip boundary condition enforcement in SPH methods},
  author={Maci{\'a}, Fabricio and Antuono, Matteo and Gonz{\'a}lez, Leo M and Colagrossi, Andrea},
  journal={Progress of theoretical physics},
  volume={125},
  number={6},
  pages={1091--1121},
  year={2011},
  publisher={Oxford University Press}
}
@article{gotoh2004sph,
  title={SPH-LES model for numerical investigation of wave interaction with partially immersed breakwater},
  author={Gotoh, Hitoshi and Shao, Songdong and Memita, Tetsu},
  journal={Coastal Engineering Journal},
  volume={46},
  number={01},
  pages={39--63},
  year={2004},
  publisher={World Scientific}
}
@article{shao2006sph,
  title={SPH computation of plunging waves using a 2-D sub-particle scale (SPS) turbulence model},
  author={Shao, Songdong and Ji, Changming},
  journal={International Journal for numerical methods in fluids},
  volume={51},
  number={8},
  pages={913--936},
  year={2006},
  publisher={Wiley Online Library}
}
@inproceedings{becker2007weakly,
  title={Weakly compressible SPH for free surface flows},
  author={Becker, Markus and Teschner, Matthias},
  booktitle={Proceedings of the 2007 ACM SIGGRAPH/Eurographics symposium on Computer animation},
  pages={209--217},
  year={2007},
  organization={Eurographics Association}
}
@article{hu2009constant,
  title={A constant-density approach for incompressible multi-phase SPH},
  author={Hu, XY and Adams, NA},
  journal={Journal of Computational Physics},
  volume={228},
  number={6},
  pages={2082--2091},
  year={2009},
  publisher={Elsevier}
}

@article{tong2014incompressible,
  title={An incompressible multi-phase smoothed particle hydrodynamics (SPH) method for modelling thermocapillary flow},
  author={Tong, Mingming and Browne, David J},
  journal={International Journal of Heat and Mass Transfer},
  volume={73},
  pages={284--292},
  year={2014},
  publisher={Elsevier}
}

%implementation of SPH in geology
@article{bursik2003smoothed,
  title={A smoothed-particle hydrodynamic automaton of landform degradation by overland flow},
  author={Bursik, M and Mart{\i}nez-Hackert, B and Delgado, H and Gonzalez-Huesca, A},
  journal={Geomorphology},
  volume={53},
  number={1},
  pages={25--44},
  year={2003},
  publisher={Elsevier}
}
@article{herault2010sph,
  title={SPH modeling of lava flows with GPU implementation},
  author={H{\'e}rault, Alexis and Bilotta, Giuseppe and Del Negro, Ciro and Russo, Giovanni and Vicari, Annamaria},
  journal={From physics to control through an emergent view, World Scientific Series on Nonlinear Science, Series B},
  volume={15},
  pages={183--188},
  year={2010}
}
@article{haddad2016smoothed,
  title={Smoothed particle hydrodynamic modeling of volcanic debris flows: Application to Huiloac Gorge lahars (Popocat{\'e}petl volcano, Mexico)},
  author={Haddad, Bouchra and Palacios, David and Pastor, Manuel and Zamorano, Jos{\'e} Juan},
  journal={Journal of Volcanology and Geothermal Research},
  volume={324},
  pages={73--87},
  year={2016},
  publisher={Elsevier}
}

%GSPH
@article{inutsuka2002reformulation,
  title={Reformulation of smoothed particle hydrodynamics with Riemann solver},
  author={Inutsuka, Shu-ichiro},
  journal={Journal of Computational Physics},
  volume={179},
  number={1},
  pages={238--267},
  year={2002},
  publisher={Elsevier}
}
@article{iwasaki2011smoothed,
  title={Smoothed particle magnetohydrodynamics with a Riemann solver and the method of characteristics},
  author={Iwasaki, Kazunari and Inutsuka, Shu-ichiro},
  journal={Monthly Notices of the Royal Astronomical Society},
  volume={418},
  number={3},
  pages={1668--1688},
  year={2011},
  publisher={Oxford University Press}
}
@inproceedings{borgani2012hydrodynamic,
  title={Hydrodynamic Simulations with the Godunov SPH},
  author={Borgani, S and Murante, G and Brunino, R and Cha, S-H},
  booktitle={Advances in Computational Astrophysics: Methods, Tools, and Outcome},
  volume={453},
  pages={259},
  year={2012}
}

%Riemann Solvers
@article{roe1981approximate,
  title={Approximate Riemann solvers, parameter vectors, and difference schemes},
  author={Roe, Philip L},
  journal={Journal of computational physics},
  volume={43},
  number={2},
  pages={357--372},
  year={1981},
  publisher={Elsevier}
}

@article{davis1988simplified,
  title={Simplified second-order Godunov-type methods},
  author={Davis, SF},
  journal={SIAM Journal on Scientific and Statistical Computing},
  volume={9},
  number={3},
  pages={445--473},
  year={1988},
  publisher={SIAM}
}

@article{einfeldt1991godunov,
  title={On Godunov-type methods near low densities},
  author={Einfeldt, Bernd and Munz, Claus-Dieter and Roe, Philip L and Sj{\"o}green, Bj{\"o}rn},
  journal={Journal of computational physics},
  volume={92},
  number={2},
  pages={273--295},
  year={1991},
  publisher={Elsevier}
}

@article{toro1994restoration,
  title={Restoration of the contact surface in the HLL-Riemann solver},
  author={Toro, Eleuterio F and Spruce, Michael and Speares, William},
  journal={Shock waves},
  volume={4},
  number={1},
  pages={25--34},
  year={1994},
  publisher={Springer}
}
@article{rider1994review,
  title={A review of approximate Riemann solvers with Godunov's method in Lagrangian coordinates},
  author={Rider, William J},
  journal={Computers \& fluids},
  volume={23},
  number={2},
  pages={397--413},
  year={1994},
  publisher={Elsevier}
}
@article{batten1997average,
  title={Average-state Jacobians and implicit methods for compressible viscous and turbulent flows},
  author={Batten, P and Leschziner, MA and Goldberg, UC},
  journal={Journal of computational physics},
  volume={137},
  number={1},
  pages={38--78},
  year={1997},
  publisher={Elsevier}
}
@article{luo2004computation,
  title={On the computation of multi-material flows using ALE formulation},
  author={Luo, Hong and Baum, Joseph D and L{\"o}hner, Rainald},
  journal={Journal of Computational Physics},
  volume={194},
  number={1},
  pages={304--328},
  year={2004},
  publisher={Elsevier}
}
@book{toro2013riemann,
  title={Riemann solvers and numerical methods for fluid dynamics: a practical introduction},
  author={Toro, Eleuterio F},
  year={2013},
  publisher={Springer Science \& Business Media}
}
@article{puri2014approximate,
  title={Approximate Riemann solvers for the Godunov SPH (GSPH)},
  author={Puri, Kunal and Ramachandran, Prabhu},
  journal={Journal of Computational Physics},
  volume={270},
  pages={432--458},
  year={2014},
  publisher={Elsevier}
}

@article{glimm1965solutions,
  title={Solutions in the large for nonlinear hyperbolic systems of equations},
  author={Glimm, James},
  journal={Communications on pure and applied mathematics},
  volume={18},
  number={4},
  pages={697--715},
  year={1965},
  publisher={Wiley Online Library}
}

@book{hammersley2013monte,
  title={Monte carlo methods},
  author={Hammersley, John},
  year={2013},
  publisher={Springer Science \& Business Media}
}
%%Reformulate SPH by Galerkin
@article{diltsg1999moving,
  title={Moving-least-squares-particle hydrodynamics—I Consistency and stability},
  author={Dilts, Gary A},
  journal={International Journal for Numerical Methods in Engineering},
  volume={44},
  number={8},
  pages={1115--1155},
  year={1999},
  publisher={Wiley Online Library}
}

@article{monaghan1985refined,
  title={A refined particle method for astrophysical problems},
  author={Monaghan, Joseph J and Lattanzio, John C},
  journal={Astronomy and astrophysics},
  volume={149},
  pages={135--143},
  year={1985}
}

%%turbulent && SPH
@article{shao2006sph,
  title={SPH computation of plunging waves using a 2-D sub-particle scale (SPS) turbulence model},
  author={Shao, Songdong and Ji, Changming},
  journal={International Journal for numerical methods in fluids},
  volume={51},
  number={8},
  pages={913--936},
  year={2006},
  publisher={Wiley Online Library}
}
@article{violeau2007numerical,
  title={Numerical modelling of complex turbulent free-surface flows with the SPH method: an overview},
  author={Violeau, Damien and Issa, Reza},
  journal={International Journal for Numerical Methods in Fluids},
  volume={53},
  pages={277--304},
  year={2007}
}

@article{holm1999fluctuation,
  title={Fluctuation effects on 3D Lagrangian mean and Eulerian mean fluid motion},
  author={Holm, Darryl D},
  journal={Physica D: Nonlinear Phenomena},
  volume={133},
  number={1},
  pages={215--269},
  year={1999},
  publisher={Elsevier}
}

@article{monaghan2011turbulence,
  title={A turbulence model for Smoothed Particle Hydrodynamics},
  author={Monaghan, Joe J},
  journal={European Journal of Mechanics-B/Fluids},
  volume={30},
  number={4},
  pages={360--370},
  year={2011},
  publisher={Elsevier}
}

@article{issa2005numerical,
  title={Numerical assessment of the Smoothed Particle Hydrodynamics gridless method for incompressible flows and its extension to turbulent flows},
  author={Issa, Reza},
  year={2005}
}

@article{monaghan2002sph,
  title={SPH compressible turbulence},
  author={Monaghan, JJ},
  journal={Monthly Notices of the Royal Astronomical Society},
  volume={335},
  number={3},
  pages={843--852},
  year={2002},
  publisher={Oxford University Press}
}

@book{gatski2013compressibility,
  title={Compressibility, turbulence and high speed flow},
  author={Gatski, Thomas B and Bonnet, Jean-Paul},
  year={2013},
  publisher={Academic Press}
}

@misc {NASACompressibleTurbulence,
	title = {Implementing Turbulence Models into the Compressible RANS Equations},
	month = {Agu},
	url={http://turbmodels.larc.nasa.gov/implementrans.html},
	year = {2014},
	author = {Christopher Rumsey}
}

@book{cebeci2013analysis,
  title={Analysis of turbulent flows with computer programs},
  author={Cebeci, Tuncer},
  year={2013},
  publisher={Butterworth-Heinemann}
}

@article{kays1994turbulent,
  title={Turbulent Prandtl number—where are we?},
  author={Kays, William M},
  journal={Journal of Heat Transfer},
  volume={116},
  number={2},
  pages={284--295},
  year={1994},
  publisher={American Society of Mechanical Engineers}
}


%%SPH parallel
@article{goozee2003distributed,
  title={Distributed and shared memory parallelism with a smoothed particle hydrodynamics code},
  author={Gooz{\'e}e, Richard J and Jacobs, Peter A},
  journal={ANZIAM Journal},
  volume={44},
  pages={202--228},
  year={2003}
}

@article{holmes2011framework,
  title={A framework for parallel computational physics algorithms on multi-core: SPH in parallel},
  author={Holmes, David W and Williams, John R and Tilke, Peter},
  journal={Advances in Engineering Software},
  volume={42},
  number={11},
  pages={999--1008},
  year={2011},
  publisher={Elsevier}
}

@inproceedings{wenbo2014performance,
  title={Performance analysis of parallel smoothed particle hydrodynamics on multi-core CPUs},
  author={Wenbo, Chen and Yao, Yucheng and Zhang, Yang},
  booktitle={Cloud Computing and Internet of Things (CCIOT), 2014 International Conference on},
  pages={85--90},
  year={2014},
  organization={IEEE}
}

@inproceedings{adams2007adaptively,
  title={Adaptively sampled particle fluids},
  author={Adams, Bart and Pauly, Mark and Keiser, Richard and Guibas, Leonidas J},
  booktitle={ACM Transactions on Graphics (TOG)},
  volume={26},
  number={3},
  pages={48},
  year={2007},
  organization={ACM}
}

@article{dominguez2011optimization,
  title={Optimization strategies for parallel CPU and GPU implementations of a meshfree particle method},
  author={Dom{\'\i}nguez, Jose M and Crespo, Alejandro JC and G{\'o}mez-Gesteira, Moncho},
  journal={arXiv preprint arXiv:1110.3711},
  year={2011}
}

@article{marrone2012study,
  title={Study of ship wave breaking patterns using 3D parallel SPH simulations},
  author={Marrone, S and Bouscasse, B and Colagrossi, A and Antuono, M},
  journal={Computers \& Fluids},
  volume={69},
  pages={54--66},
  year={2012},
  publisher={Elsevier}
}

@article{ferrari2009new,
  title={A new 3D parallel SPH scheme for free surface flows},
  author={Ferrari, Angela and Dumbser, Michael and Toro, Eleuterio F and Armanini, Aronne},
  journal={Computers \& Fluids},
  volume={38},
  number={6},
  pages={1203--1217},
  year={2009},
  publisher={Elsevier}
}

@article{crespo2015dualsphysics,
  title={DualSPHysics: Open-source parallel CFD solver based on Smoothed Particle Hydrodynamics (SPH)},
  author={Crespo, AJC and Dom{\'\i}nguez, JM and Rogers, BD and G{\'o}mez-Gesteira, M and Longshaw, S and Canelas, R and Vacondio, R and Barreiro, A and Garc{\'\i}a-Feal, O},
  journal={Computer Physics Communications},
  volume={187},
  pages={204--216},
  year={2015},
  publisher={Elsevier}
}

%Dr. Patra's paper
@article{laszloffy2000simple,
  title={Simple data management, scheduling and solution strategies for managing the irregularities in parallel adaptive hp finite element simulations},
  author={Laszloffy, Andras and Long, Jingping and Patra, Abani K},
  journal={Parallel Computing},
  volume={26},
  number={13},
  pages={1765--1788},
  year={2000},
  publisher={Elsevier}
}

@article{patra2013challenges,
  title={Challenges in developing DDDAS based methodology for volcanic ash hazard analysis--effect of numerical weather prediction variability and parameter estimation},
  author={Patra, Abani K and Bursik, Marcus and Dehn, Jon and Jones, M and Madankan, Reza and Morton, D and Pavolonis, Michael and Pitman, E Bruce and Pouget, S and Singh, Tarunraj and others},
  journal={Procedia Computer Science},
  volume={18},
  pages={1871--1880},
  year={2013},
  publisher={Elsevier}
}

@article{madankan2014computation,
  title={Computation of probabilistic hazard maps and source parameter estimation for volcanic ash transport and dispersion},
  author={Madankan, Reza and Pouget, S and Singla, Puneet and Bursik, Marcus and Dehn, Jon and Jones, M and Patra, A and Pavolonis, Michael and Pitman, E Bruce and Singh, Tarunraj and others},
  journal={Journal of Computational Physics},
  volume={271},
  pages={39--59},
  year={2014},
  publisher={Elsevier}
}

@article{stefanescu2014temporal,
  title={Temporal, probabilistic mapping of ash clouds using wind field stochastic variability and uncertain eruption source parameters: Example of the 14 April 2010 Eyjafjallaj{\"o}kull eruption},
  author={Stefanescu, ER and Patra, AK and Bursik, MI and Madankan, R and Pouget, S and Jones, M and Singla, P and Singh, T and Pitman, EB and Pavolonis, M and others},
  journal={Journal of Advances in Modeling Earth Systems},
  volume={6},
  number={4},
  pages={1173--1184},
  year={2014},
  publisher={Wiley Online Library}
}

@article{patra2003data,
  title={Data structures and load balancing for parallel adaptive hp finite-element methods},
  author={Patra, AK and Laszloffy, A and Long, J},
  journal={Computers \& Mathematics with Applications},
  volume={46},
  number={1},
  pages={105--123},
  year={2003},
  publisher={Elsevier}
}

@article{patra2005parallel,
  title={Parallel adaptive numerical simulation of dry avalanches over natural terrain},
  author={Patra, Abani K and Bauer, AC and Nichita, CC and Pitman, E Bruce and Sheridan, MF and Bursik, M and Rupp, B and Webber, A and Stinton, AJ and Namikawa, LM and others},
  journal={Journal of Volcanology and Geothermal Research},
  volume={139},
  number={1},
  pages={1--21},
  year={2005},
  publisher={Elsevier}
}

@article{pitman2003computing,
  title={Computing granular avalanches and landslides},
  author={Pitman, E Bruce and Nichita, C Camil and Patra, Abani and Bauer, Andy and Sheridan, Michael and Bursik, Marcus},
  journal={Physics of Fluids (1994-present)},
  volume={15},
  number={12},
  pages={3638--3646},
  year={2003},
  publisher={AIP Publishing}
}

@article{patra1995problem,
  title={Problem decomposition for adaptive hp finite element methods},
  author={Patra, Abani and Oden, J Tinsley},
  journal={Computing Systems in Engineering},
  volume={6},
  number={2},
  pages={97--109},
  year={1995},
  publisher={Elsevier}
}

@inproceedings{patra1999efficient,
  title={Efficient mesh partitioning for adaptive hp finite element meshes},
  author={Patra, AK and Kim, DW},
  booktitle={In International Conference on Domain Decomposition Methods},
  year={1999},
  organization={Citeseer}
}

@Article{gmd-2017-119,
AUTHOR = {Cao, Z. and Patra, A. and Bursik, M. and Pitman, E. B. and Jones, M.},
TITLE = {Plume-SPH 1.0: A three-dimensional, dusty-gas volcanic plume model based on smoothed particle hydrodynamics},
JOURNAL = {Geoscientific Model Development Discussions},
VOLUME = {2017},
YEAR = {2017},
PAGES = {1--37},
URL = {https://www.geosci-model-dev-discuss.net/gmd-2017-119/},
DOI = {10.5194/gmd-2017-119}
}

@article{cao2017data,
  title={Data Management and Volcano Plume Simulation with Parallel SPH Method and Dynamic Halo Domains},
  author={Cao, Zhixuan and Patra, Abani and Jones, Matthew},
  journal={Procedia Computer Science},
  volume={108},
  pages={786--795},
  year={2017},
  publisher={Elsevier}
}

@article{bursik2012estimation,
  title={Estimation and propagation of volcanic source parameter uncertainty in an ash transport and dispersal model: application to the Eyjafjallajokull plume of 14--16 April 2010},
  author={Bursik, Marcus and Jones, Matthew and Carn, Simon and Dean, Ken and Patra, Abani and Pavolonis, Michael and Pitman, E Bruce and Singh, Tarunraj and Singla, Puneet and Webley, Peter and others},
  journal={Bulletin of volcanology},
  volume={74},
  number={10},
  pages={2321--2338},
  year={2012},
  publisher={Springer}
}

%SFC 
@book{sagan2012space,
  title={Space-filling curves},
  author={Sagan, Hans},
  year={2012},
  publisher={Springer Science \& Business Media}
}

%domain partition
@incollection{biswas1999experiments,
  title={Experiments with repartitioning and load balancing adaptive meshes},
  author={Biswas, Rupak and Oliker, Leonid},
  booktitle={Grid Generation and Adaptive Algorithms},
  pages={89--111},
  year={1999},
  publisher={Springer}
}

%Paper on JPUE experiments
@article{papanicolaou1988investigations,
  title={Investigations of round vertical turbulent buoyant jets},
  author={Papanicolaou, Panos N and List, E John},
  journal={Journal of Fluid Mechanics},
  volume={195},
  pages={341--391},
  year={1988},
  publisher={Cambridge Univ Press}
}
@article{dimotakis1983structure,
  title={Structure and dynamics of round turbulent jets},
  author={Dimotakis, Paul E and Miake-Lye, Richard C and Papantoniou, Dimitris A},
  journal={Physics of Fluids},
  volume={26},
  number={11},
  pages={3185--3192},
  year={1983},
  publisher={American Institute of Physics}
}
@article{list1982turbulent,
  title={Turbulent jets and plumes},
  author={List, EJ},
  journal={Annual review of fluid mechanics},
  volume={14},
  number={1},
  pages={189--212},
  year={1982},
  publisher={Annual Reviews 4139 El Camino Way, PO Box 10139, Palo Alto, CA 94303-0139, USA}
}

@article{george1977turbulence,
  title={Turbulence measurements in an axisymmetric buoyant plume},
  author={George, William K and Alpert, Ronald L and Tamanini, Francesco},
  journal={International Journal of Heat and Mass Transfer},
  volume={20},
  number={11},
  pages={1145--1154},
  year={1977},
  publisher={Elsevier}
}

@article{papantoniou1989large,
  title={Large-scale structure in the far field of byoyant jets},
  author={Papantoniou, Dimitris and List, E John},
  journal={Journal of Fluid Mechanics},
  volume={209},
  pages={151--190},
  year={1989},
  publisher={Cambridge University Press}
}

@article{crimaldi2001high,
  title={High-resolution measurements of the spatial and temporal scalar structure of a turbulent plume},
  author={Crimaldi, JP and Koseff, JR},
  journal={Experiments in Fluids},
  volume={31},
  number={1},
  pages={90--102},
  year={2001},
  publisher={Springer}
}

@article{ezzamel2015dynamical,
  title={Dynamical variability of axisymmetric buoyant plumes},
  author={Ezzamel, Adam and Salizzoni, Pietro and Hunt, Gary R},
  journal={Journal of Fluid Mechanics},
  volume={765},
  pages={576--611},
  year={2015},
  publisher={Cambridge University Press}
}

%mesh based interface capturing
@article{harlow1965numerical,
  title={Numerical calculation of time-dependent viscous incompressible flow of fluid with free surface},
  author={Harlow, Francis H and Welch, J Eddie and others},
  journal={Physics of fluids},
  volume={8},
  number={12},
  pages={2182},
  year={1965}
}
@article{cheng1995simplified,
  title={A simplified marker and cell method for unsteady flows on non-staggered grids},
  author={Cheng, Liang and Armfield, Steven},
  journal={International journal for numerical methods in fluids},
  volume={21},
  number={1},
  pages={15--34},
  year={1995},
  publisher={Wiley Online Library}
}
@book{wrobel1991computational,
  title={Computational Modelling of Free and Moving Boundary Problems: Fluid flow},
  author={Wrobel, Luiz C and Brebbia, CA},
  volume={1},
  year={1991},
  publisher={Walter de Gruyter}
}
@article{unverdi1992front,
  title={A front-tracking method for viscous, incompressible, multi-fluid flows},
  author={Unverdi, Salih Ozen and Tryggvason, Gr{\'e}tar},
  journal={Journal of computational physics},
  volume={100},
  number={1},
  pages={25--37},
  year={1992},
  publisher={Elsevier}
}
@article{anderson1998diffuse,
  title={Diffuse-interface methods in fluid mechanics},
  author={Anderson, DM and McFadden, Geoffrey B and Wheeler, AA},
  journal={Annual review of fluid mechanics},
  volume={30},
  number={1},
  pages={139--165},
  year={1998},
  publisher={Annual Reviews 4139 El Camino Way, PO Box 10139, Palo Alto, CA 94303-0139, USA}
}
@article{hirt1981volume,
  title={Volume of fluid (VOF) method for the dynamics of free boundaries},
  author={Hirt, Cyril W and Nichols, Billy D},
  journal={Journal of computational physics},
  volume={39},
  number={1},
  pages={201--225},
  year={1981},
  publisher={Elsevier}
}
@article{gerlach2006comparison,
  title={Comparison of volume-of-fluid methods for surface tension-dominant two-phase flows},
  author={Gerlach, D and Tomar, G and Biswas, G and Durst, F},
  journal={International Journal of Heat and Mass Transfer},
  volume={49},
  number={3},
  pages={740--754},
  year={2006},
  publisher={Elsevier}
}
@article{gopala2008volume,
  title={Volume of fluid methods for immiscible-fluid and free-surface flows},
  author={Gopala, Vinay R and van Wachem, Berend GM},
  journal={Chemical Engineering Journal},
  volume={141},
  number={1},
  pages={204--221},
  year={2008},
  publisher={Elsevier}
}

@article{jacobson2008mixing,
  title={Mixing closures for conservation laws in stratified flows},
  author={Jacobson, Tivon and Milewski, Paul A and Tabak, Esteban G},
  journal={Studies in Applied Mathematics},
  volume={121},
  number={1},
  pages={89--116},
  year={2008},
  publisher={Wiley Online Library}
}

@article{youngs1982time,
  title={Time-dependent multi-material flow with large fluid distortion},
  author={Youngs, David L},
  journal={Numerical methods for fluid dynamics},
  volume={24},
  number={2},
  pages={273--285},
  year={1982},
  publisher={Academic Press, New York}
}

%Other paper
@article{weller1998tensorial,
  title={A tensorial approach to computational continuum mechanics using object-oriented techniques},
  author={Weller, Henry G and Tabor, G and Jasak, Hrvoje and Fureby, C},
  journal={Computers in physics},
  volume={12},
  number={6},
  pages={620--631},
  year={1998},
  publisher={AIP Publishing}
}

%Someweb site:
@misc{PlumePhoto:online,
author = {UCL Volcano $CO_2$s Group},
title = {Sakurajima News Reports @online},
month = {Jun},
year = {2009},
url = {https://www.ucl.ac.uk/vco2/NewsReports/Sakurajima_News_Reports},
note = {Accessed: 2016-04-30}
}


%paper for high speed turbulent simulation.
@article{sod1978survey,
  title={A survey of several finite difference methods for systems of nonlinear hyperbolic conservation laws},
  author={Sod, Gary A},
  journal={Journal of computational physics},
  volume={27},
  number={1},
  pages={1--31},
  year={1978},
  publisher={Elsevier}
}

% newly added reference for JCP paper
@incollection{klapp2012strong,
  title={Strong Shocks with Smoothed Particle Hydrodynamics},
  author={Klapp, Jaime and Sigalotti, Leonardo Di G and Pe{\~n}a-Polo, Franklin and Trujillo, Leonardo},
  booktitle={Experimental and Theoretical Advances in Fluid Dynamics},
  pages={69--79},
  year={2012},
  publisher={Springer}
}

@article{flebbe1994smoothed,
  title={Smoothed particle hydrodynamics: physical viscosity and the simulation of accretion disks},
  author={Flebbe, Olaf and Muenzel, S and Herold, H and Riffert, H and Ruder, H},
  journal={The Astrophysical Journal},
  volume={431},
  pages={754--760},
  year={1994}
}

@article{morris1997switch,
  title={A switch to reduce SPH viscosity},
  author={Morris, JP and Monaghan, JJ},
  journal={Journal of Computational Physics},
  volume={136},
  number={1},
  pages={41--50},
  year={1997},
  publisher={Elsevier}
}

@article{dolag2005turbulent,
  title={Turbulent gas motions in galaxy cluster simulations: the role of smoothed particle hydrodynamics viscosity},
  author={Dolag, K and Vazza, F and Brunetti, Gf and Tormen, G},
  journal={Monthly Notices of the Royal Astronomical Society},
  volume={364},
  number={3},
  pages={753--772},
  year={2005},
  publisher={Blackwell Science Ltd Oxford, UK}
}

@article{cullen2010inviscid,
  title={Inviscid smoothed particle hydrodynamics},
  author={Cullen, Lee and Dehnen, Walter},
  journal={Monthly Notices of the Royal Astronomical Society},
  volume={408},
  number={2},
  pages={669--683},
  year={2010},
  publisher={The Royal Astronomical Society}
}

@article{cha2003implementations,
  title={Implementations and tests of Godunov-type particle hydrodynamics},
  author={Cha, S-H and Whitworth, Anthony Peter},
  journal={Monthly Notices of the Royal Astronomical Society},
  volume={340},
  number={1},
  pages={73--90},
  year={2003},
  publisher={Blackwell Science Ltd Oxford, UK}
}

@article{puri2014comparison,
  title={A comparison of SPH schemes for the compressible Euler equations},
  author={Puri, Kunal and Ramachandran, Prabhu},
  journal={Journal of Computational Physics},
  volume={256},
  pages={308--333},
  year={2014},
  publisher={Elsevier}
}

@article{sigalotti2008adaptive,
  title={Adaptive kernel estimation and SPH tensile instability},
  author={Sigalotti, Leonardo Di G and L{\'o}pez, Hender},
  journal={Computers \& Mathematics with Applications},
  volume={55},
  number={1},
  pages={23--50},
  year={2008},
  publisher={Elsevier}
}

@article{chorin1976random,
  title={Random choice solution of hyperbolic systems},
  author={Chorin, Alexandre Joel},
  journal={Journal of Computational Physics},
  volume={22},
  number={4},
  pages={517--533},
  year={1976},
  publisher={Elsevier}
}

@article{colella1982glimm,
  title={Glimm’s method for gas dynamics},
  author={Colella, Phillip},
  journal={SIAM Journal on Scientific and Statistical Computing},
  volume={3},
  number={1},
  pages={76--110},
  year={1982},
  publisher={SIAM}
}

@article{sod1977numerical,
  title={A numerical study of a converging cylindrical shock},
  author={Sod, Gary A},
  journal={Journal of Fluid Mechanics},
  volume={83},
  number={4},
  pages={785--794},
  year={1977},
  publisher={Cambridge University Press}
}

@article{concus1979numerical,
  title={Numerical solution of a nonlinear hyperbolic equation by the random choice method},
  author={Concus, Paul and Proskurowski, Wlodzimierz},
  journal={Journal of Computational Physics},
  volume={30},
  number={2},
  pages={153--166},
  year={1979},
  publisher={Elsevier}
}

@article{freistuhler1992numerical,
  title={A numerical study of a rotationally degenerate hyperbolic system. Part I. The Riemann problem},
  author={Freist{\"u}hler, Heinrich and Pitman, E Bruce},
  journal={Journal of Computational Physics},
  volume={100},
  number={2},
  pages={306--321},
  year={1992},
  publisher={Elsevier}
}

@article{liu2010smoothed,
  title={Smoothed particle hydrodynamics (SPH): an overview and recent developments},
  author={Liu, MB and Liu, GR},
  journal={Archives of computational methods in engineering},
  volume={17},
  number={1},
  pages={25--76},
  year={2010},
  publisher={Springer}
}

@article{noh1987errors,
  title={Errors for calculations of strong shocks using an artificial viscosity and an artificial heat flux},
  author={Noh, William F},
  journal={Journal of Computational Physics},
  volume={72},
  number={1},
  pages={78--120},
  year={1987},
  publisher={Elsevier}
}

@article{cheng2007high,
  title={A high order ENO conservative Lagrangian type scheme for the compressible Euler equations},
  author={Cheng, Juan and Shu, Chi-Wang},
  journal={Journal of Computational Physics},
  volume={227},
  number={2},
  pages={1567--1596},
  year={2007},
  publisher={Elsevier}
}


%Reference for new Pinatubo Plume-SPH & Puff
@article{dutton1992solar,
  title={Solar radiative forcing at selected locations and evidence for global lower tropospheric cooling following the eruptions of El Chich{\'o}n and Pinatubo},
  author={Dutton, Ellsworth G and Christy, John R},
  journal={Geophysical Research Letters},
  volume={19},
  number={23},
  pages={2313--2316},
  year={1992},
  publisher={Wiley Online Library}
}

@article{self1993atmospheric,
  title={The atmospheric impact of the 1991 Mount Pinatubo eruption},
  author={Self, Stephen and Zhao, Jing-Xia and Holasek, Rick E and Torres, Ronnie C and King, Alan J},
  year={1996}
}

@article{fero2009simulating,
  title={Simulating the dispersal of tephra from the 1991 Pinatubo eruption: implications for the formation of widespread ash layers},
  author={Fero, Julie and Carey, Steven N and Merrill, John T},
  journal={Journal of Volcanology and Geothermal Research},
  volume={186},
  number={1},
  pages={120--131},
  year={2009},
  publisher={Elsevier}
}

@article{fero2008simulation,
  title={Simulation of the 1980 eruption of Mount St. Helens using the ash-tracking model PUFF},
  author={Fero, Julie and Carey, Steven N and Merrill, John T},
  journal={Journal of Volcanology and Geothermal Research},
  volume={175},
  number={3},
  pages={355--366},
  year={2008},
  publisher={Elsevier}
}

@article{bursik2012estimation,
  title={Estimation and propagation of volcanic source parameter uncertainty in an ash transport and dispersal model: application to the Eyjafjallajokull plume of 14--16 April 2010},
  author={Bursik, Marcus and Jones, Matthew and Carn, Simon and Dean, Ken and Patra, Abani and Pavolonis, Michael and Pitman, E Bruce and Singh, Tarunraj and Singla, Puneet and Webley, Peter and others},
  journal={Bulletin of volcanology},
  volume={74},
  number={10},
  pages={2321--2338},
  year={2012},
  publisher={Springer}
}

@article{stefanescu2014temporal,
  title={Temporal, probabilistic mapping of ash clouds using wind field stochastic variability and uncertain eruption source parameters: Example of the 14 April 2010 Eyjafjallaj{\"o}kull eruption},
  author={Stefanescu, ER and Patra, AK and Bursik, MI and Madankan, R and Pouget, S and Jones, M and Singla, P and Singh, T and Pitman, EB and Pavolonis, M and others},
  journal={Journal of Advances in Modeling Earth Systems},
  volume={6},
  number={4},
  pages={1173--1184},
  year={2014},
  publisher={Wiley Online Library}
}

@article{scott1996pyroclastic,
  title={Pyroclastic flows of the June 15, 1991, climactic eruption of Mount Pinatubo},
  author={Scott, William E and Hoblitt, Richard P and Torres, Ronnie C and Self, Stephen and Martinez, Ma Mylene L and Nillos, T},
  journal={Fire and Mud: eruptions and lahars of Mount Pinatubo, Philippines},
  pages={545--570},
  year={1996},
  publisher={University of Washington Press Seattle}
}

@article{holasek1996satellite,
  title={Satellite observations and interpretation of the 1991 Mount Pinatubo eruption plumes},
  author={Holasek, RE and Self, S and Woods, AW},
  journal={Journal of Geophysical Research: Solid Earth},
  volume={101},
  number={B12},
  pages={27635--27655},
  year={1996},
  publisher={Wiley Online Library}
}

@article{holasek1996experiments,
  title={Experiments on gas-ash separation processes in volcanic umbrella plumes},
  author={Holasek, Rick E and Woods, Andrew W and Self, Stephen},
  journal={Journal of volcanology and geothermal research},
  volume={70},
  number={3-4},
  pages={169--181},
  year={1996},
  publisher={Elsevier}
}

@article{guo2004re,
  title={Re-evaluation of SO2 release of the 15 June 1991 Pinatubo eruption using ultraviolet and infrared satellite sensors},
  author={Guo, Song and Bluth, Gregg JS and Rose, William I and Watson, I Matthew and Prata, AJ},
  journal={Geochemistry, Geophysics, Geosystems},
  volume={5},
  number={4},
  year={2004},
  publisher={Wiley Online Library}
}

@article{guo2004particles,
  title={Particles in the great Pinatubo volcanic cloud of June 1991: The role of ice},
  author={Guo, Song and Rose, William I and Bluth, Gregg JS and Watson, I Matthew},
  journal={Geochemistry, Geophysics, Geosystems},
  volume={5},
  number={5},
  year={2004},
  publisher={Wiley Online Library}
}

@article{compo2011twentieth,
  title={The twentieth century reanalysis project},
  author={Compo, Gilbert P and Whitaker, Jeffrey S and Sardeshmukh, Prashant D and Matsui, Nobuki and Allan, Robert J and Yin, Xungang and Gleason, Byron E and Vose, Russell S and Rutledge, Glenn and Bessemoulin, Pierre and others},
  journal={Quarterly Journal of the Royal Meteorological Society},
  volume={137},
  number={654},
  pages={1--28},
  year={2011},
  publisher={Wiley Online Library}
}

@article{compo2006feasibility,
  title={Feasibility of a 100-year reanalysis using only surface pressure data},
  author={Compo, Gilbert P and Whitaker, Jeffrey S and Sardeshmukh, Prashant D},
  journal={Bulletin of the American Meteorological Society},
  volume={87},
  number={2},
  pages={175--190},
  year={2006}
}

@article{whitaker2004reanalysis,
  title={Reanalysis without radiosondes using ensemble data assimilation},
  author={Whitaker, Jeffrey S and Compo, Gilbert P and Wei, Xue and Hamill, Thomas M},
  journal={Monthly Weather Review},
  volume={132},
  number={5},
  pages={1190--1200},
  year={2004}
}

@article{paladio1996tephra,
  title={Tephra falls of the 1991 eruptions of Mount Pinatubo},
  author={Paladio-Melosantos, Ma Lynn O and Solidum, Renato U and Scott, William E and Quiambao, Rowena B and Umbal, Jesse V and Rodolfo, Kelvin S and Tubianosa, Bella S and Delos Reyes, PJ and Alonso, Rosalito A and Ruelo, Hernulfo B},
  journal={Fire and mud},
  volume={12000},
  pages={12030},
  year={1996}
}

@article{defoor1992early,
  title={Early lidar observations of the June 1991 Pinatubo eruption plume at Mauna Loa Observatory, Hawaii},
  author={DeFoor, Thomas E and Robinson, Elmer and Ryan, Steven},
  journal={Geophysical research letters},
  volume={19},
  number={2},
  pages={187--190},
  year={1992},
  publisher={Wiley Online Library}
}

@article{deshler1992balloonborne,
  title={Balloonborne measurements of the Pinatubo aerosol size distribution and volatility at Laramie, Wyoming during the summer of 1991},
  author={Deshler, T and Hofmann, DJ and Johnson, BJ and Rozier, WR},
  journal={Geophysical research letters},
  volume={19},
  number={2},
  pages={199--202},
  year={1992},
  publisher={Wiley Online Library}
}

@article{jager1992pinatubo,
  title={The Pinatubo eruption cloud observed by lidar at Garmisch-Partenkirchen},
  author={J{\"a}ger, H},
  journal={Geophysical research letters},
  volume={19},
  number={2},
  pages={191--194},
  year={1992},
  publisher={Wiley Online Library}
}

@article{avdyushin19931,
  title={1. Spatial and temporal evolution of the optical thickness of the Pinatubo aerosol cloud in the northern hemisphere from a network of ship-borne and stationary lidars},
  author={Avdyushin, SI and Tulinov, GF and Ivanov, MS and Kuzmenko, BN and Mezhuev, IR and Nardi, B and Hauchecorne, A and Chanin, M-L},
  journal={Geophysical research letters},
  volume={20},
  number={18},
  pages={1963--1966},
  year={1993},
  publisher={Wiley Online Library}
}

@article{suzuki1983theoretical,
  title={A theoretical model for dispersion of tephra},
  author={Suzuki, Takeo and others},
  journal={Arc volcanism: physics and tectonics},
  volume={95},
  pages={113},
  year={1983},
  publisher={Terra Publishing Co}
}

@article{witham2007comparison,
  title={Comparison of VAAC atmospheric dispersion models using the 1 November 2004 Grimsv{\"o}tn eruption},
  author={Witham, CS and Hort, MC and Potts, R and Servranckx, R and Husson, P and Bonnardot, F},
  journal={Meteorological Applications},
  volume={14},
  number={1},
  pages={27--38},
  year={2007},
  publisher={Wiley Online Library}
}

@article{schwaiger2012ash3d,
  title={Ash3d: A finite-volume, conservative numerical model for ash transport and tephra deposition},
  author={Schwaiger, Hans F and Denlinger, Roger P and Mastin, Larry G},
  journal={Journal of Geophysical Research: Solid Earth},
  volume={117},
  number={B4},
  year={2012},
  publisher={Wiley Online Library}
}

@inproceedings{tanaka1991development,
  title={Development of a prediction scheme for the volcanic ash fall from redoubt volcano},
  author={Tanaka, HL},
  booktitle={First Int'l. Symp. on Volcanic Ash and Aviation Safety},
  volume={58},
  year={1991}
}

@article{searcy1998puff,
  title={PUFF: A volcanic ash tracking and prediction model},
  author={Searcy, C and Dean, KG and Stringer, W},
  journal={Journal of Volcanology and Geothermal Research},
  volume={80},
  pages={1--16},
  year={1998}
}

@article{lynch1996mount,
  title={Mount Pinatubo: a satellite perspective of the June 1991 eruptions},
  author={Lynch, JS and Stephens, G and Matson, M},
  journal={Fire and Mud: The Eruptions and Lahars of Mount Pinatubo, Philippines. University of Washington Press, Seattle},
  pages={637--646},
  year={1996}
}

@article{keiding2012geothermobarometry,
  title={Geothermobarometry of the 2010 Eyjafjallaj{\"o}kull eruption: New constraints on Icelandic magma plumbing systems},
  author={Keiding, Jakob K and Sigmarsson, Olgeir},
  journal={Journal of Geophysical Research: Solid Earth},
  volume={117},
  number={B9},
  year={2012},
  publisher={Wiley Online Library}
}